<record><leader>00000cas a22000007a 4500</leader><controlfield tag="001">19290389</controlfield><controlfield tag="008">890302d19751984ohumr ne      0    0eng d</controlfield><datafield ind1=" " ind2=" " tag="010"><subfield code="a">sn 89076155 </subfield></datafield><datafield ind1=" " ind2=" " tag="040"><subfield code="a">ONP</subfield><subfield code="b">eng</subfield><subfield code="c">ONP</subfield><subfield code="d">OCLCQ</subfield></datafield><datafield ind1=" " ind2=" " tag="042"><subfield code="a">msc</subfield></datafield><datafield ind1="0" ind2="4" tag="245"><subfield code="a">The Broadview Hts. gazette.</subfield></datafield><datafield ind1="3" ind2="0" tag="246"><subfield code="a">Broadview Heights gazette</subfield></datafield><datafield ind1=" " ind2=" " tag="260"><subfield code="a">[Broadview Heights, Ohio] :</subfield><subfield code="b">Bill McFadden, 1975-1984.</subfield></datafield><datafield ind1=" " ind2=" " tag="310"><subfield code="a">Monthly</subfield></datafield><datafield ind1="1" ind2=" " tag="362"><subfield code="a">Began in 1975.</subfield></datafield><datafield ind1="0" ind2=" " tag="362"><subfield code="a">-Mid-Dec. 1983 thru Mid-Jan. 1984.</subfield></datafield><datafield ind1=" " ind2=" " tag="500"><subfield code="a">Published in Brecksville, Ohio, Nov. 1981-</subfield></datafield><datafield ind1=" " ind2=" " tag="588"><subfield code="a">Description based on: June 1975.</subfield></datafield><datafield ind1=" " ind2=" " tag="752"><subfield code="a">United States</subfield><subfield code="b">Ohio</subfield><subfield code="c">Cuyahoga</subfield><subfield code="d">Broadview Heights.</subfield></datafield><datafield ind1=" " ind2=" " tag="752"><subfield code="a">United States</subfield><subfield code="b">Ohio</subfield><subfield code="c">Cuyahoga</subfield><subfield code="d">Brecksville.</subfield></datafield><datafield ind1="0" ind2="7" tag="785"><subfield code="t">Brecksville gazette</subfield><subfield code="w">(DLC)sn 90068471</subfield></datafield><datafield ind1="0" ind2="7" tag="785"><subfield code="t">Brecksville-Broadview Hts. gazette</subfield><subfield code="w">(DLC)sn 90068472</subfield></datafield></record>